<record><leader>00000cas a2200000 a 4500</leader><controlfield tag="001">13196460</controlfield><controlfield tag="008">860225d19531984wvucr ne      0    0eng c</controlfield><datafield ind1=" " ind2=" " tag="010"><subfield code="a">sn 86092271 </subfield></datafield><datafield ind1=" " ind2=" " tag="040"><subfield code="a">WVC</subfield><subfield code="b">eng</subfield><subfield code="c">WVC</subfield><subfield code="d">OCL</subfield><subfield code="d">CUI</subfield><subfield code="d">OCLCQ</subfield><subfield code="d">OCLCF</subfield></datafield><datafield ind1=" " ind2=" " tag="042"><subfield code="a">pcc</subfield></datafield><datafield ind1=" " ind2=" " tag="043"><subfield code="a">n-us-wv</subfield></datafield><datafield ind1=" " ind2="4" tag="050"><subfield code="a">AN</subfield></datafield><datafield ind1="0" ind2="0" tag="245"><subfield code="a">Beckley post herald &amp; Raleigh register.</subfield></datafield><datafield ind1="1" ind2="3" tag="246"><subfield code="a">Register/herald</subfield></datafield><datafield ind1="1" ind2="3" tag="246"><subfield code="a">Post-herald &amp; register</subfield></datafield><datafield ind1=" " ind2=" " tag="260"><subfield code="a">Beckley, W. Va. :</subfield><subfield code="b">Beckley Newspapers, Inc.,</subfield><subfield code="c">1953-1984.</subfield></datafield><datafield ind1=" " ind2=" " tag="300"><subfield code="a">v.</subfield></datafield><datafield ind1=" " ind2=" " tag="310"><subfield code="a">Semiweekly,</subfield><subfield code="b">Jan. 1, 1967-Dec. 30, 1984</subfield></datafield><datafield ind1=" " ind2=" " tag="321"><subfield code="a">Weekly,</subfield><subfield code="b">Dec. 20, 1953-Dec., 1966</subfield></datafield><datafield ind1="0" ind2=" " tag="362"><subfield code="a">Vol. 74. no. 154 (Dec. 20, 1953)-v. 105,no. 163 (Dec. 30, 1984).</subfield></datafield><datafield ind1=" " ind2=" " tag="515"><subfield code="a">Used numbering system from: Post-herald, on Saturday and: Raleigh register, on Sunday.</subfield></datafield><datafield ind1=" " ind2="0" tag="651"><subfield code="a">Beckley (W. Va.)</subfield><subfield code="v">Newspapers.</subfield></datafield><datafield ind1=" " ind2="7" tag="655"><subfield code="a">Newspapers.</subfield><subfield code="2">fast</subfield><subfield code="0">(OCoLC)fst01423814</subfield></datafield><datafield ind1=" " ind2="7" tag="651"><subfield code="a">West Virginia</subfield><subfield code="z">Beckley.</subfield><subfield code="2">fast</subfield><subfield code="0">(OCoLC)fst01213379</subfield></datafield><datafield ind1=" " ind2=" " tag="752"><subfield code="a">United States</subfield><subfield code="b">West Virginia</subfield><subfield code="c">Raleigh</subfield><subfield code="d">Beckley.</subfield></datafield><datafield ind1="0" ind2=" " tag="775"><subfield code="t">Post-herald (Beckley, W. Va.)</subfield><subfield code="w">(DLC)sn 86092270</subfield><subfield code="w">(OCoLC)13196432</subfield></datafield><datafield ind1="0" ind2=" " tag="775"><subfield code="t">Raleigh register (Beckley, W. Va.)</subfield><subfield code="w">(DLC)sn 86092267</subfield><subfield code="w">(OCoLC)13196345</subfield></datafield><datafield ind1="0" ind2="5" tag="780"><subfield code="t">Sunday register (Beckley, W. Va. : 1923)</subfield><subfield code="w">(DLC)sn 86092300</subfield><subfield code="w">(OCoLC)13201883</subfield></datafield><datafield ind1="0" ind2="0" tag="785"><subfield code="t">Register/herald (Beckley, W. Va.)</subfield><subfield code="x">0746-6854</subfield><subfield code="w">(DLC)sn 83005424</subfield><subfield code="w">(OCoLC)10221134</subfield></datafield></record>